2712 4448
373 255 435 327 ne
526 245 728 359 ,entra
763 247 836 321 nr
861 248 1119 327 vesrrcnt
1180 190 1185 207 Ι

374 427 528 523 cingitur,
541 420 582 494 ad
596 424 708 496 urbam
723 419 887 523 copiosum
895 420 1039 499 Ecclefiae,
1049 416 1288 495 incantantia

373 527 482 623 lenter
495 521 712 625 confugerant.
788 529 936 627 Cumque
950 524 1066 623 reliqua
1079 522 1163 621 vulgi
1178 520 1287 597 multi-

372 623 491 715 tudine,
498 652 579 726 qnos
600 626 650 698 vel
665 646 766 699 metus
780 624 874 698 hostia
888 623 1066 723 incluserat,
1080 625 1126 696 vel
1148 625 1287 693 l'raecur·

370 723 468 815 soris,
482 753 551 828 quae
565 734 682 815 inerat,
699 730 848 809 Nativitas
864 754 931 800 non
952 723 1054 800 solum
1069 751 1107 797 ex
1121 730 1227 796 vicinis
1235 750 1288 798 re·

319 912 321 915 v
370 831 516 929 gionibus
531 837 566 902 ὅ(
580 835 674 917 vicis,
688 825 739 902 sed
760 834 857 902 etiarn
872 855 910 901 ex
923 827 1032 927 procul
1047 824 1152 926 politis
1159 826 1289 898 urbibus

371 950 554 1019 attraxerat,
570 950 728 1004 cernentes
741 935 952 1007 intramoenia
974 926 1117 1016 hollam,
1139 933 1288 1001 certatim

369 1020 478 1105 cunni
491 1031 531 1105 ad
546 1031 726 1131 Templum
755 1030 983 1130 Apostolorum
995 1086 999 1109 ,
1012 1033 1094 1102 Petri
1124 1037 1157 1101 dt
1180 1029 1289 1125 Pauli,

370 1134 459 1234 quod
479 1141 513 1206 iu
537 1134 613 1205 urbe
626 1133 760 1205 nobilius
774 1139 808 1207 dt
822 1130 992 1231 pulchriua'·
1006 1151 1090 1219 erat,
1110 1151 1223 1230 utpote
1238 1138 1289 1231 ig·

369 1242 439 1309 nari
461 1240 642 1307 certaminis
673 1253 919 1307 concurrerunt:
960 1228 1178 1347 xobseratisque
1197 1231 1286 1306 olliia

352 1332 462 1424 adis,
477 1333 581 1410 solum
596 1333 686 1437 quod
699 1333 854 1435 strpererat
881 1334 997 1406 coelitus
1025 1334 1173 1407 auxilium
1193 1341 1286 1408 anxie

298 1478 316 1519 ¹.
366 1436 557 1539 flagitabant.
594 1449 648 1511 ‘At
655 1437 795 1537 gentiles,
809 1433 944 1510 effradia
957 1432 1066 1524 olliis‚'
1082 1431 1288 1536 fenestrisque

366 1538 530 1640 propulsis.
549 1540 707 1638 ternplum
718 1536 854 1615 feraliter
876 1545 1077 1640 irrumpunt,
1120 1539 1284 1615 imbellem

366 1648 483 1743 pariter
498 1649 533 1717 dt
546 1648 704 1715 inermem
712 1640 944 1715 multitudinem
959 1638 1066 1741 gladio
1079 1636 1283 1729 sitiunttan-

366 1763 462 1843 taque
481 1740 660 1817 crudelitate
674 1751 708 1816 in
732 1743 849 1818 Chrisli
864 1739 991 1815 saeviunt
1003 1764 1282 1843 gregem,utprar·

367 1862 418 1918 ter
440 1872 514 1935 eoa,
528 1872 608 1946 quos
622 1842 687 1918 luas
699 1842 872 1945 captivandi
893 1842 955 1917 five
975 1843 1163 1917 distrahendi
1183 1854 1282 1944 gratia

141 1938 288 1999 (ΝΜ
301 1940 355 1999 ⁰¹·
367 1952 403 2019 in
419 1972 510 2020 naves
525 1945 764 2033 transtulerunt,
782 1972 917 2020 omnem
931 1946 1163 2020 multitudinem
1176 1951 1280 2020 Sacer·
1341 2014 1342 2017 ,

136 2019 241 2063 mm
367 2046 484 2122 dotum
503 2046 703 2122 Clericerum
717 2068 807 2149 atque
832 2049 1007 2136 laicorum,
1029 2076 1103 2120 eum
1128 2047 1280 2149 praedido

359 2146 530 2238 Antistia,
543 2156 624 2223 intra
638 2147 813 2223 Ecclesiam
825 2146 929 2253 gladio
946 2149 1140 2227 sternerent„
1200 2154 1279 2224 Mo·

363 2254 544 2326 nachorum
565 2278 642 2325 vero
663 2249 817 2352 quosdar'n
833 2272 936 2339 extra,
973 2248 1048 2324 alios
1071 2257 1152 2326 intra
1172 2255 1280 2328 Eccle-

361 2353 462 2442 fiam,
477 2353 642 2455 plerosque
663 2375 770 2429 autern
784 2350 874 2455 super
887 2353 985 2455 ipsam
994 2355 1128 2453 Templi
1136 2379 1224 2427 aram
1232 2362 1277 2428 in·

306 2462 309 2466 ’
361 2455 425 2529 liar
437 2457 544 2529 holliae
557 2453 729 2530 trucidant:
753 2458 889 2559 reliquos
909 2483 986 2531 vcro
999 2458 1102 2529 nodiis
1116 2457 1277 2558 crepuscu-

363 2555 399 2632 lo
413 2556 519 2632 secum
534 2555 709 2646 abducunt,
724 2558 869 2660 classique
877 2565 1057 2658 imponunt.
1107 2562 1186 2662 Qis
1193 2563 1276 2659 proh
1339 2604 1340 2677 r

361 2658 475 2732 dolor!
500 2661 579 2733 illius
593 2657 654 2733 diei
671 2658 818 2734 dolorem
833 2662 1002 2760 explicare,
1018 2666 1085 2762 quia
1095 2659 1276 2761 explicanda

362 2758 542 2855 tlacrymu
569 2763 668 2838 valeat
686 2769 884 2863 temperare?
916 2759 1045 2864 quando
1076 2784 1275 2838 mortuarum
1338 2806 1339 2829 2

360 2881 501 2938 matrum
516 2889 665 2937 cruorem
679 2892 739 2965 pru
752 2865 833 2938 lasle
848 2864 1011 2967 suggentes
1031 2864 1210 2965 pendebant
1235 2863 1273 2938 ad
1286 2938 1289 2945 ,
1338 2856 1339 2913 l

361 2965 457 3040 ubera
471 2972 556 3055 nati3
574 2964 701 3065 quando
714 2965 895 3041 sanslorum
909 2964 1057 3070 sangvine
1071 2965 1178 3042 hollili
1203 2994 1273 3041 mu·

360 3062 542 3140 croncfusn
561 3069 672 3169 templi
686 3073 862 3168 pavimenta
885 3068 1030 3157 madent,
1068 3070 1171 3142 altaria
1196 3068 1273 3144 sacra
1335 3054 1338 3223 l

360 3174 580 3243 innocentiun
594 3195 707 3243 cruore
723 3169 818 3244 oblita
839 3169 952 3248 fluunt.
1003 3169 1075 3245 Posi
1090 3175 1177 3261 hac,
1210 3199 1273 3246 era·
1336 3226 1337 3233 κ

187 3286 190 3293 ’
361 3268 400 3344 sis
420 3272 570 3345 omnibus
590 3272 740 3377 opibus,¹
767 3298 843 3344 cum
872 3275 1030 3375 ¹gregibus
1074 3281 1272 3374 captivorum
1335 3236 1337 3387 l

362 3381 522 3474 utriusque
535 3372 653 3448 ordinis
678 3383 713 3450 dt
734 3381 827 3448 aetatis
848 3373 1002 3451 adnatet
1023 3389 1184 3450 runcant:
1235 3372 1270 3450 ad
1335 3402 1336 3411 ¹

307 3517 309 3521 -
361 3499 501 3648 §uorum
517 3476 725 3577 poslmodum
737 3475 991 3576 redemptionem
999 3479 1174 3577 plurimum
1189 3479 1271 3552 acla-

386 3583 410 3648 is
432 3573 640 3676 superllitibus
658 3580 809 3653 collatum
833 3572 887 3653 ell.
987 3581 1108 3685 Qibur
1121 3583 1270 3681 peradlia,

30 3760 33 3769 ,
135 3658 346 3785 fflssffi
361 3679 554 3751 Coenobium
568 3679 754 3770 insularum,
771 3679 811 3754 de
826 3684 935 3783 quibua
951 3679 1040 3784 supra
1053 3690 1269 3771 inerninimut,
1334 3688 1335 3695 '

136 3796 203 3852 cent.
360 3781 508 3881 Natalitio
521 3781 751 3882 Apollolorutn
762 3787 846 3859 Petri
861 3784 995 3861 &Pauli
1009 3781 1126 3890 scaphis
1147 3785 1268 3875 adeunt,

1137 3887 1267 3971 vastant,
